<?xml version="1.0" encoding="UTF-8"?><record xmlns="http://www.loc.gov/MARC21/slim" xmlns:cinclude="http://apache.org/cocoon/include/1.0" xmlns:zs="http://www.loc.gov/zing/srw/">
  <leader>00586nz  a2200157n  4500</leader>
  <controlfield tag="001">no2010190061</controlfield>
  <controlfield tag="003">DLC</controlfield>
  <controlfield tag="005">20101124140424.0</controlfield>
  <controlfield tag="008">101122n| azannaabn          |b aaa     c</controlfield>
  <datafield tag="010" ind1=" " ind2=" ">
    <subfield code="a">no2010190061</subfield>
  </datafield>
  <datafield tag="035" ind1=" " ind2=" ">
    <subfield code="a">(OCoLC)oca08693396</subfield>
  </datafield>
  <datafield tag="040" ind1=" " ind2=" ">
    <subfield code="a">CSt-HC</subfield>
    <subfield code="b">eng</subfield>
    <subfield code="c">CSt-HC</subfield>
    <subfield code="e">rda</subfield>
  </datafield>
  <datafield tag="100" ind1="1" ind2=" ">
    <subfield code="a">Ḳilson, Shemaryah Eliyahu</subfield>
  </datafield>
  <datafield tag="400" ind1="1" ind2=" ">
    <subfield code="a">קילסון, שמריה אליהו</subfield>
  </datafield>
  <datafield tag="667" ind1=" " ind2=" ">
    <subfield code="a">Non-Latin script reference not evaluated.</subfield>
  </datafield>
  <datafield tag="670" ind1=" " ind2=" ">
    <subfield code="a">Sefer Yad Shelomoh, 2010 or 2011, ©2010 or 2011:</subfield>
    <subfield code="b">t.p. (שמריה אליהו קילסון = Shemaryah Eliyahu Ḳilson; student at Yeshivat Bet Yosef Brooklyn)</subfield>
  </datafield>
</record>